% !Mode:: "TeX:UTF-8"
% UTF-8 编辑器
%%%%%%%%%%%%%%%%%%%%%%%%%%%%%%%%%%%%%%%%%%%%%%%%%%%%%%%%%%%%%%%%%%%%%%%%%
%
%   LaTeX File for Doctor (Master) Thesis of Tsinghua University
%   LaTeX + CJK     清华大学博士（硕士）论文模板
%   Based on Wang Tianshu's Template for XJTU
%   Version: 1.65
%   Last Update: 2004-03-14
%
%%%%%%%%%%%%%%%%%%%%%%%%%%%%%%%%%%%%%%%%%%%%%%%%%%%%%%%%%%%%%%%%%%%%%%%%%
%   Copyright 2002-2004  by  Lei Wang (BaconChina)       (bcpub@sina.com)
%%%%%%%%%%%%%%%%%%%%%%%%%%%%%%%%%%%%%%%%%%%%%%%%%%%%%%%%%%%%%%%%%%%%%%%%%

%%%%%%%%%%%%%%%%%%%%%%%%%%%%%%%%%%%%%%%%%%%%%%%%%%%%%%%%%%%%%%%%%%%%%%%%%
%
%   LaTeX File for phd thesis of xi'an Jiao Tong University
%
%%%%%%%%%%%%%%%%%%%%%%%%%%%%%%%%%%%%%%%%%%%%%%%%%%%%%%%%%%%%%%%%%%%%%%%%%
%   Copyright 2002  by  Wang Tianshu    (tswang@asia.com)
%%%%%%%%%%%%%%%%%%%%%%%%%%%%%%%%%%%%%%%%%%%%%%%%%%%%%%%%%%%%%%%%%%%%%%%%%

%
%The bibitems are sorted by pulication date and AUTHOR name.
%
@article{lecun2015deep,
  title={Deep learning},
  author={LeCun, Yann and Bengio, Yoshua and Hinton, Geoffrey},
  journal={nature},
  volume={521},
  number={7553},
  pages={436--444},
  year={2015},
  publisher={Nature Publishing Group}
}
@phdthesis{王璐2017开放式创新的协同演化机制研究,
  title={开放式创新的协同演化机制研究: 创始人社会资本, 创新团队与创新绩效的交互影响},
  author={王璐},
  year={2017},
  school={武汉大学}
}
@phdthesis{李其锋2014面向开源社区的开发者群体行为分析方法,
  title={面向开源社区的开发者群体行为分析方法},
  author={李其锋},
  year={2014},
  school={武汉大学}
}

